@article{yo:08,
  author  = {Izen Abizena and T. B. N. abizena and Bere Izena},
  title   = {Gure artikulua},
  journal = {Aldizkaria},
  volume  = {2},
  pages   = {1--2},
  year    = {2008},
}
