@Book{ko:04,
author = {Stephen G. Kochan},
ALTeditor = {},
title = {Programming in Objective-C},
publisher = {Sams Publishing},
year = {2004},
OPTkey = {},
OPTvolume = {},
OPTnumber = {},
OPTseries = {},
OPTaddress = {},
OPTedition = {},
OPTmonth = {},
OPTnote = {},
OPTannote = {}
}