@article{yo:07,
  author  = {Izen Abizena and T. B. N. abizena and Bere Izena},
  title   = {Gure artikulua},
  journal = {Aldizkaria},
  volume  = {1},
  pages   = {1--2},
  year    = {2007},
}
